@book{dewey1939,
    author = {Dewey, John},
    title = {Creative democracy: The task before us. In J. Boydston (Ed.),
John Dewey: The later works, 1925-1953, volume 14 (pp. 224-230).},
    publisher = {Southern Illinois University Press},
    year = {original work published 1939, 1976}
}
@book{law2011,
    author = {Law, John},
    title = {Heterogeneous Engineering and Tinkering},
    publisher = {heterogeneities.net},
    year = {2011}
}
@book{mckernon1925,
    author = {McKernon, Edward},
    title = {Fake News and The Public
How The Press Combats Rumor.},
    publisher = {The Associated Press},
    year = {1925}
}
@book{veale2021,
    author = {Michael Veale and  Frederik {Zuinderveen Borgesius} },
    title = {Demystifying the Draft EU Artificial Intelligence Act},
    publisher = {Computer Law Review International},
    year = {2021}
}

# additional resources


@article{owid-rise-of-social-media,
    author = {Ortiz-Ospina, Esteban},
    title = {The rise of social media},
    journal = {Our World in Data},
    year = {2019},
    note = {Retrieved May 21, 2024, from https://ourworldindata.org/rise-of-social-media}
}
@article{storm-capitol,
    author = {Frenkel, Sheera},
    title = {The Storming of Capitol Hill was organized on Social Media},
    journal = {The New York Times},
    year = {2021},
    note = {Retrieved May 21, 2024, from https://www.nytimes.com/2021/01/06/us/politics/protesters-storm-capitol-hill-building.html}
}
@inbook{Calderaro2018,
    author = {Calderaro, Andrea},
    year = {2018},
    month = {01},
    pages = {},
    title = {Social Media and Politics}
}
@article{California-law,
    author = {Bobby Chesney and Danielle Citron},
    title = {Deep Fakes: A Looming Challenge for Privacy, Democracy, and National Security},
    year = {2019},
    journal = {California Law Review},
    note = {Retrieved May 15, 2024, from https://www.californialawreview.org/print/deep-fakes-a-looming-challenge-for-privacy-democracy-and-national-security}
}
@article{brennan-deepfake,
    author = {Josh A. Goldstein and Andrew Lohn},
    title = {Deepfakes, Elections, and Shrinking the Liarâ€™s Dividend},
    journal = {Brennan Center for Justice},
    year = {2024},
    note = {Retrieved May 15, 2024, from https://www.brennancenter.org/our-work/research-reports/deepfakes-elections-and-shrinking-liars-dividend}
}
@article{bbc-presidents-deepfake,
    author = {Wakefield, Jane},
    title = {Deepfake presidents used in Russia-Ukraine war},
    journal = {BBC Technology},
    year = {2022},
    note = {Retrieved May 15, 2024, from https://www.bbc.com/news/technology-60780142}
}
@article{cnn-indonesia,
    author = {Chen, Heather},
    title = {AI 'resurrects' long dead dictator in murky new era of deepfake electioneering},
    journal = {CNN World},
    year = {2024},
    note = {Retrieved May 15, 2024, from https://edition.cnn.com/2024/02/12/asia/suharto-deepfake-ai-scam-indonesia-election-hnk-intl/index.html}
}
